% Petit rappel pour la bibliographie : https://www.overleaf.com/learn/latex/Bibliography_management_in_LaTeX#The_bibliography_file
@online{
    UNESCO,
    author = "UNESCO",
    title = "Ressources éducatives libres",
    url  = "https://fr.unesco.org/themes/tic-education/rel"
}

@article{
    MAG_PROG,
    author= {Patrick, DELMÉE},
    journal = {PROF},
    date = "2019-12-06",
    url= "http://www.enseignement.be/index.php?page=27203&id=2922"
}

@article{
    SOD,
    author = {Eric, DEROUET},
    journal = {Les Echos},
    date = "2013-02-03",
    url = "http://archives.lesechos.fr/archives/cercle/2013/02/03/cercle_64619.htm"
}

@online{
    NodejsIllustrations,
	author= {Mathieu, NEBRA},
	title = "Node.js : mais à quoi ça sert ? - Des applications ultra-rapides avec Node.js",
	url = "https://openclassrooms.com/en/courses/1056721-des-applications-ultra-rapides-avec-node-js/1056866-node-js-mais-a-quoi-ca-sert"
}

@online{
    agileManifeste,
    author = {Beck, Kent and Beedle, Mike and van Bennekum, Arie and Cockburn, Alistair and Cunningham, Ward and Fowler, Martin and Grenning, James and Highsmith, Jim and Hunt, Andrew and Jeffries, Ron and Kern, Jon and Marick, Brian and Martin, Robert C. and Mellor, Steve and Schwaber, Ken and Sutherland, Jeff and Thomas, Dave},
    title = "Manifeste pour le développement Agile de logiciels",
    url= "https://agilemanifesto.org/iso/fr/manifesto.html"
}

@online{
    libraryDef,
    title = "Bibliothèque logicielle",
    author = {Wikipedia},
    url= {https://fr.wikipedia.org/wiki/Biblioth%C3%A8que_logicielle}
}

@online{
    MoSCoW,
    title = "Méthode MoSCoW",
    author = {Wikipedia},
    url= {https://fr.wikipedia.org/wiki/M%C3%A9thode_MoSCoW}
}

% Pour l'analyse bibliographique
@inproceedings{
    taxonomieDraft,
    author = {Santos, Álvaro and Gomes, Anabela and Mendes, Antonio},
    year = {2013},
    month = {10},
    pages = {87-93},
    title = {A taxonomy of exercises to support individual learning paths in initial programming learning},
    journal = {Proceedings - Frontiers in Education Conference},
    doi = {10.1109/FIE.2013.6684794}
}